


@article{Brafman2017SpecifyingNR,
	title={Specifying Non-Markovian Rewards in MDPs Using LDL on Finite Traces (Preliminary Version)},
	author={Ronen I. Brafman and Giuseppe De Giacomo and Fabio Patrizi},
	journal={CoRR},
	year={2017},
	volume={abs/1706.08100}
}


% REINFOCEMENT LEARNING
@book{Sutton:1998:IRL:551283,
	author = {Sutton, Richard S. and Barto, Andrew G.},
	title = {Introduction to Reinforcement Learning},
	year = {1998},
	isbn = {0262193981},
	edition = {1st},
	publisher = {MIT Press},
	address = {Cambridge, MA, USA},
}

@inproceedings{Ng:1999:PIU:645528.657613,
	author = {Ng, Andrew Y. and Harada, Daishi and Russell, Stuart J.},
	title = {Policy Invariance Under Reward Transformations: Theory and Application to Reward Shaping},
	booktitle = {Proceedings of the Sixteenth International Conference on Machine Learning},
	series = {ICML '99},
	year = {1999},
	isbn = {1-55860-612-2},
	pages = {278--287},
	numpages = {10},
	url = {http://dl.acm.org/citation.cfm?id=645528.657613},
	acmid = {657613},
	publisher = {Morgan Kaufmann Publishers Inc.},
	address = {San Francisco, CA, USA},
}

@inproceedings{Grzes:2017:RSE:3091125.3091208,
	author = {Grze\'{s}, Marek},
	title = {Reward Shaping in Episodic Reinforcement Learning},
	booktitle = {Proceedings of the 16th Conference on Autonomous Agents and MultiAgent Systems},
	series = {AAMAS '17},
	year = {2017},
	location = {S\&\#227;o Paulo, Brazil},
	pages = {565--573},
	numpages = {9},
	url = {http://dl.acm.org/citation.cfm?id=3091125.3091208},
	acmid = {3091208},
	publisher = {International Foundation for Autonomous Agents and Multiagent Systems},
	address = {Richland, SC},
	keywords = {multiagent learning, potential-based reward shaping, reinforcement learning, reward shaping, reward structures for learning},
} 


@inproceedings{Devlin:2012:DPR:2343576.2343638,
	author = {Devlin, Sam and Kudenko, Daniel},
	title = {Dynamic Potential-based Reward Shaping},
	booktitle = {Proceedings of the 11th International Conference on Autonomous Agents and Multiagent Systems - Volume 1},
	series = {AAMAS '12},
	year = {2012},
	isbn = {0-9817381-1-7, 978-0-9817381-1-6},
	location = {Valencia, Spain},
	pages = {433--440},
	numpages = {8},
	url = {http://dl.acm.org/citation.cfm?id=2343576.2343638},
	acmid = {2343638},
	publisher = {International Foundation for Autonomous Agents and Multiagent Systems},
	address = {Richland, SC},
	keywords = {reinforcement learning, reward shaping},
}

@phdthesis{grzes2010improving,
	title={Improving exploration in reinforcement learning through domain knowledge and parameter analysis},
	author={Grzes, Marek},
	year={2010},
	school={University of York}
}

@inproceedings{GuptaPerformanceCO,
	title={Performance Comparison of Sarsa(λ) and Watkin’s Q(λ) Algorithms},
	author={Karan M. Gupta}
}

@inproceedings{NMRDP DBLP:conf/aaai/BacchusBG96,
	author    = {Fahiem Bacchus and Craig Boutilier and Adam J. Grove},
	title     = {Rewarding Behaviors},
	booktitle = {AAAI/IAAI, Vol. 2},
	pages     = {1160--1167},
	publisher = {{AAAI} Press / The {MIT} Press},
	year      = {1996}
}

% LOGIC

@inproceedings{Pnueli:1977:TLP:1382431.1382534,
	author = {Pnueli, Amir},
	title = {The Temporal Logic of Programs},
	booktitle = {Proceedings of the 18th Annual Symposium on Foundations of Computer Science},
	series = {SFCS '77},
	year = {1977},
	pages = {46--57},
	numpages = {12},
	url = {https://doi.org/10.1109/SFCS.1977.32},
	doi = {10.1109/SFCS.1977.32},
	acmid = {1382534},
	publisher = {IEEE Computer Society},
	address = {Washington, DC, USA},
}

@inproceedings{de2013linear,
	title={Linear Temporal Logic and Linear Dynamic Logic on Finite Traces.},
	author={De Giacomo, Giuseppe and Vardi, Moshe Y},
	booktitle={IJCAI},
	volume={13},
	pages={854--860},
	year={2013}
}


@InCollection{sep-logic-modal,
	author       =	{Garson, James},
	title        =	{Modal Logic},
	booktitle    =	{The Stanford Encyclopedia of Philosophy},
	editor       =	{Edward N. Zalta},
	howpublished =	{\url{https://plato.stanford.edu/archives/spr2016/entries/logic-modal/}},
	year         =	{2016},
	edition      =	{Spring 2016},
	publisher    =	{Metaphysics Research Lab, Stanford University}
}

@InCollection{sep-logic-classical,
	author       =	{Shapiro, Stewart and Kouri Kissel, Teresa},
	title        =	{Classical Logic},
	booktitle    =	{The Stanford Encyclopedia of Philosophy},
	editor       =	{Edward N. Zalta},
	howpublished =	{\url{https://plato.stanford.edu/archives/spr2018/entries/logic-classical/}},
	year         =	{2018},
	edition      =	{Spring 2018},
	publisher    =	{Metaphysics Research Lab, Stanford University}
}
@InCollection{sep-logic-dynamic,
	author       =	{Troquard, Nicolas and Balbiani, Philippe},
	title        =	{Propositional Dynamic Logic},
	booktitle    =	{The Stanford Encyclopedia of Philosophy},
	editor       =	{Edward N. Zalta},
	howpublished =	{\url{https://plato.stanford.edu/archives/spr2015/entries/logic-dynamic/}},
	year         =	{2015},
	edition      =	{Spring 2015},
	publisher    =	{Metaphysics Research Lab, Stanford University}
}

@InCollection{sep-logic-temporal,
	author       =	{Goranko, Valentin and Galton, Antony},
	title        =	{Temporal Logic},
	booktitle    =	{The Stanford Encyclopedia of Philosophy},
	editor       =	{Edward N. Zalta},
	howpublished =	{\url{https://plato.stanford.edu/archives/win2015/entries/logic-temporal/}},
	year         =	{2015},
	edition      =	{Winter 2015},
	publisher    =	{Metaphysics Research Lab, Stanford University}
}

@book{Clarke:2000:MC:332656,
	author = {Clarke,Jr., Edmund M. and Grumberg, Orna and Peled, Doron A.},
	title = {Model Checking},
	year = {1999},
	isbn = {0-262-03270-8},
	publisher = {MIT Press},
	address = {Cambridge, MA, USA},
} 

@book{Hopcroft:2000:IAT:557657,
	author = {Hopcroft, John E. and Motwani, Rajeev and Rotwani and Ullman, Jeffrey D.},
	title = {Introduction to Automata Theory, Languages and Computability},
	year = {2000},
	isbn = {0201441241},
	edition = {2nd},
	publisher = {Addison-Wesley Longman Publishing Co., Inc.},
	address = {Boston, MA, USA},
} 

@article{Sistla:1985:CPL:3828.3837,
	author = {Sistla, A. P. and Clarke, E. M.},
	title = {The Complexity of Propositional Linear Temporal Logics},
	journal = {J. ACM},
	issue_date = {July 1985},
	volume = {32},
	number = {3},
	month = jul,
	year = {1985},
	issn = {0004-5411},
	pages = {733--749},
	numpages = {17},
	url = {http://doi.acm.org/10.1145/3828.3837},
	doi = {10.1145/3828.3837},
	acmid = {3837},
	publisher = {ACM},
	address = {New York, NY, USA},
} 

@article{FISCHER1979194,
	title = "Propositional dynamic logic of regular programs",
	journal = "Journal of Computer and System Sciences",
	volume = "18",
	number = "2",
	pages = "194 - 211",
	year = "1979",
	issn = "0022-0000",
	doi = "https://doi.org/10.1016/0022-0000(79)90046-1",
	url = "http://www.sciencedirect.com/science/article/pii/0022000079900461",
	author = "Michael J. Fischer and Richard E. Ladner"
}

@techreport{Pratt:1976:SCF:889769,
	author = {Pratt, V. R.},
	title = {SEMANTICAL CONSIDERATIONS ON FLOYD-HOARE LOGIC},
	year = {1976},
	source = {http://www.ncstrl.org:8900/ncstrl/servlet/search?formname=detail\&id=oai%3Ancstrlh%3Amitai%3AMIT-LCS%2F%2FMIT%2FLCS%2FTR-168},
	publisher = {Massachusetts Institute of Technology},
	address = {Cambridge, MA, USA},
} 

@INPROCEEDINGS{4567894,
	author={V. R. Pratt},
	booktitle={17th Annual Symposium on Foundations of Computer Science (sfcs 1976)},
	title={Semantical consideration on floyo-hoare logic},
	year={1976},
	volume={},
	number={},
	pages={109-121},
	keywords={Boolean functions;Calculus;Logic;Mathematics;Testing},
	doi={10.1109/SFCS.1976.27},
	ISSN={0272-5428},
	month={Oct},}

@article{PRATT1980231,
	title = "A near-optimal method for reasoning about action",
	journal = "Journal of Computer and System Sciences",
	volume = "20",
	number = "2",
	pages = "231 - 254",
	year = "1980",
	issn = "0022-0000",
	doi = "https://doi.org/10.1016/0022-0000(80)90061-6",
	url = "http://www.sciencedirect.com/science/article/pii/0022000080900616",
	author = "Vaughan R. Pratt"
}

@article{deGiacomo:2000:CDM:359243.359271,
	author = {De Giacomo, Giuseppe and Massacci, Fabio},
	title = {Combining Deduction and Model Checking into Tableaux and Algorithms for converse-PDL},
	journal = {Inf. Comput.},
	issue_date = {Oct 2000},
	volume = {162},
	number = {1/2},
	month = oct,
	year = {2000},
	issn = {0890-5401},
	pages = {117--137},
	numpages = {21},
	url = {http://dl.acm.org/citation.cfm?id=359243.359271},
	acmid = {359271},
	publisher = {Academic Press, Inc.},
	address = {Duluth, MN, USA},
} 

@inproceedings{Pesic:2006:DAF:2135571.2135592,
	author = {Pesic, M. and van der Aalst, W. M. P.},
	title = {A Declarative Approach for Flexible Business Processes Management},
	booktitle = {Proceedings of the 2006 International Conference on Business Process Management Workshops},
	series = {BPM'06},
	year = {2006},
	isbn = {3-540-38444-8, 978-3-540-38444-1},
	location = {Vienna, Austria},
	pages = {169--180},
	numpages = {12},
	url = {http://dx.doi.org/10.1007/11837862_18},
	doi = {10.1007/11837862_18},
	acmid = {2135592},
	publisher = {Springer-Verlag},
	address = {Berlin, Heidelberg},
	keywords = {declarative model specification, dynamic workflow, flexibility, temporal logic, workflow management},
} 

@inproceedings{DeGiacomo:2014:RLF:2893873.2894033,
	author = {De Giacomo, Giuseppe and De Masellis, Riccardo and Montali, Marco},
	title = {Reasoning on LTL on Finite Traces: Insensitivity to Infiniteness},
	booktitle = {Proceedings of the Twenty-Eighth AAAI Conference on Artificial Intelligence},
	series = {AAAI'14},
	year = {2014},
	location = {Qu\&\#233;bec City, Qu\&\#233;bec, Canada},
	pages = {1027--1033},
	numpages = {7},
	url = {http://dl.acm.org/citation.cfm?id=2893873.2894033},
	acmid = {2894033},
	publisher = {AAAI Press},
} 

@techreport{Gabbay:1997:TAF:903586,
	author = {Gabbay, D. and Pnueli, A. and Shelah, S. and Stavi, J.},
	title = {On the Temporal Analysis of Fairness},
	year = {1997},
	source = {http://www.ncstrl.org:8900/ncstrl/servlet/search?formname=detail\&id=oai%3Ancstrlh%3Aweizmann_il%3Ancstrl.weizmann_il%2F%2FCS97-13},
	publisher = {Weizmann Science Press of Israel},
	address = {Jerusalem, Israel, Israel},
} 

@article{Wolper1981TemporalLC,
	title={Temporal logic can be more expressive},
	author={Pierre Wolper},
	journal={22nd Annual Symposium on Foundations of Computer Science (sfcs 1981)},
	year={1981},
	pages={340-348}
}

@article{doi:10.1002/malq.19600060105,
	author = {Richard J. B\"uchi},
	title = {Weak Second‐Order Arithmetic and Finite Automata},
	journal = {Mathematical Logic Quarterly},
	volume = {6},
	number = {1‐6},
	pages = {66-92},
	doi = {10.1002/malq.19600060105},
	url = {https://onlinelibrary.wiley.com/doi/abs/10.1002/malq.19600060105},
	eprint = {https://onlinelibrary.wiley.com/doi/pdf/10.1002/malq.19600060105},
	year={1960}
}

@article{10.2307/1993511,
	ISSN = {00029947},
	URL = {http://www.jstor.org/stable/1993511},
	author = {Calvin C. Elgot},
	journal = {Transactions of the American Mathematical Society},
	number = {1},
	pages = {21--51},
	publisher = {American Mathematical Society},
	title = {Decision Problems of Finite Automata Design and Related Arithmetics},
	volume = {98},
	year = {1961}
}

@Article{zbMATH03186872,
	Author = {B.A. {Trakhtenbrot}},
	Title = {{Finite automata and the logic of single-place predicates.}},
	FJournal = {{Soviet Physics. Doklady}},
	Journal = {{Sov. Phys., Dokl.}},
	ISSN = {0038-5689},
	Volume = {6},
	Pages = {753--755},
	Year = {1961},
	Publisher = {Consultants Bureau, New York},
	Language = {English},
	MSC2010 = {03-XX 68Qxx},
	Zbl = {0115.00702}
}

@article{THOMAS1979148,
	title = "Star-free regular sets of ω-sequences",
	journal = "Information and Control",
	volume = "42",
	number = "2",
	pages = "148 - 156",
	year = "1979",
	issn = "0019-9958",
	doi = "https://doi.org/10.1016/S0019-9958(79)90629-6",
	url = "http://www.sciencedirect.com/science/article/pii/S0019995879906296",
	author = "Wolfgang Thomas"
}

@book{Khoussainov:2001:ATA:558914,
	author = {Khoussainov, Bakhadyr and Nerode, Anil},
	title = {Automata Theory and Its Applications},
	year = {2001},
	isbn = {3764342072},
	publisher = {Birkhauser Boston, Inc.},
	address = {Secaucus, NJ, USA},
} 

@article{Rabin:1959:FAD:1661907.1661909,
	author = {Rabin, M. O. and Scott, D.},
	title = {Finite Automata and Their Decision Problems},
	journal = {IBM J. Res. Dev.},
	issue_date = {April 1959},
	volume = {3},
	number = {2},
	month = apr,
	year = {1959},
	issn = {0018-8646},
	pages = {114--125},
	numpages = {12},
	url = {http://dx.doi.org/10.1147/rd.32.0114},
	doi = {10.1147/rd.32.0114},
	acmid = {1661909},
	publisher = {IBM Corp.},
	address = {Riverton, NJ, USA},
} 

@inproceedings{DeGiacomo:2015:SLL:2832415.2832466,
	author = {De Giacomo, Giuseppe and Vardi, Moshe Y.},
	title = {Synthesis for LTL and LDL on Finite Traces},
	booktitle = {Proceedings of the 24th International Conference on Artificial Intelligence},
	series = {IJCAI'15},
	year = {2015},
	isbn = {978-1-57735-738-4},
	location = {Buenos Aires, Argentina},
	pages = {1558--1564},
	numpages = {7},
	url = {http://dl.acm.org/citation.cfm?id=2832415.2832466},
	acmid = {2832466},
	publisher = {AAAI Press},
} 